
@article{remund_surmortalite_2021,
	title = {La surmortalité des jeunes adultes est-elle naturelle ?:},
	volume = {N° 590},
	issn = {0184-7783},
	url = {https://www.cairn.info/revue-population-et-societes-2021-6-page-1.htm?ref=doi},
	doi = {10.3917/popsoc.590.0001},
	shorttitle = {La surmortalité des jeunes adultes est-elle naturelle ?},
	pages = {1--4},
	number = {6},
	journaltitle = {Population \& Sociétés},
	author = {Remund, Adrien and Camarda, Carlo Giovanni and Riffe, Tim},
	urldate = {2022-04-23},
	date = {2021-06-04},
	langid = {french},
	file = {Remund et al. - 2021 - La surmortalité des jeunes adultes est-elle nature.pdf:/Users/arianesessego/Zotero/storage/M796K6S7/Remund et al. - 2021 - La surmortalité des jeunes adultes est-elle nature.pdf:application/pdf}
}

@article{pison_france_2021,
	title = {France 2020 : 68 000 décès supplémentaires imputables à l’épidémie de Covid-19:},
	volume = {N° 587},
	issn = {0184-7783},
	url = {https://www.cairn.info/revue-population-et-societes-2021-3-page-1.htm?ref=doi},
	doi = {10.3917/popsoc.587.0001},
	shorttitle = {France 2020},
	pages = {1--4},
	number = {3},
	journaltitle = {Population \& Sociétés},
	author = {Pison, Gilles and Meslé, France},
	urldate = {2022-04-23},
	date = {2021-03-19},
	langid = {french},
	file = {Pison et Meslé - 2021 - France 2020  68 000 décès supplémentaires imputab.pdf:/Users/arianesessego/Zotero/storage/DMZC2UMH/Pison et Meslé - 2021 - France 2020  68 000 décès supplémentaires imputab.pdf:application/pdf}
}

@article{pison_covid-19_2022,
	title = {La Covid-19 plus meurtrière pour les hommes que pour les femmes:},
	volume = {N° 598},
	issn = {0184-7783},
	url = {https://www.cairn.info/revue-population-et-societes-2022-3-page-1.htm?ref=doi},
	doi = {10.3917/popsoc.598.0001},
	shorttitle = {La Covid-19 plus meurtrière pour les hommes que pour les femmes},
	pages = {1--4},
	number = {3},
	journaltitle = {Population \& Sociétés},
	author = {Pison, Gilles and Meslé, France},
	urldate = {2022-04-23},
	date = {2022-03-23},
	langid = {french},
	file = {Pison et Meslé - 2022 - La Covid-19 plus meurtrière pour les hommes que po.pdf:/Users/arianesessego/Zotero/storage/TJRH2CI4/Pison et Meslé - 2022 - La Covid-19 plus meurtrière pour les hommes que po.pdf:application/pdf}
}

@article{breton_levolution_2019,
	title = {L’évolution démographique récente de la France. Naissances, décès, unions et migrations : à chacun sa saison:},
	volume = {Vol. 73},
	issn = {0032-4663},
	url = {https://www.cairn.info/revue-population-2018-4-page-623.htm?ref=doi},
	doi = {10.3917/popu.1804.0623},
	shorttitle = {L’évolution démographique récente de la France. Naissances, décès, unions et migrations},
	pages = {623--692},
	number = {4},
	journaltitle = {Population},
	author = {Breton, Didier and Barbieri, Magali and d’Albis, Hippolyte and Mazuy, Magali},
	urldate = {2022-04-23},
	date = {2019-04-18},
	langid = {french},
	file = {Breton et al. - 2019 - L’évolution démographique récente de la France. Na.pdf:/Users/arianesessego/Zotero/storage/Q935G64K/Breton et al. - 2019 - L’évolution démographique récente de la France. Na.pdf:application/pdf}
}

@article{breton_levolution_2022,
	title = {L’évolution démographique récente de la France: Moins de naissances, de mariages et de migrations, plus de décès… la Covid-19 bouleverse la dynamique de la population française},
	volume = {Vol. 76},
	issn = {0032-4663},
	url = {https://www.cairn.info/revue-population-2021-4-page-577.htm?ref=doi},
	doi = {10.3917/popu.2104.0577},
	shorttitle = {L’évolution démographique récente de la France},
	pages = {577--638},
	number = {4},
	journaltitle = {Population},
	author = {Breton, Didier and Belliot, Nicolas and Barbieri, Magali and d’Albis, Hippolyte and Mazuy, Magali},
	urldate = {2022-04-23},
	date = {2022-03-31},
	langid = {french},
	file = {Breton et al. - 2022 - L’évolution démographique récente de la France Mo.pdf:/Users/arianesessego/Zotero/storage/VKGR73YW/Breton et al. - 2022 - L’évolution démographique récente de la France Mo.pdf:application/pdf}
}

@article{papon_bilan_2021,
	title = {Bilan démographique 2020},
	journaltitle = {{INSEE} Première},
	author = {Papon, Sylvain and Beaumel, Catherine},
	date = {2021-03},
	file = {IP1846.pdf:/Users/arianesessego/Zotero/storage/5NGFML8S/IP1846.pdf:application/pdf}
}

@article{papon_bilan_2020,
	title = {Bilan démographique 2019},
	journaltitle = {{INSEE} Première},
	author = {Papon, Sylvain and Beaumel, Catherine},
	date = {2020-01},
	file = {ip1789.pdf:/Users/arianesessego/Zotero/storage/2XBB8DEF/ip1789.pdf:application/pdf}
}

@article{letourneur_suicide_2022,
	title = {Suicide attempts and {COVID}-19 related confinement measures in France: Happy ending or dangerous liaisons?},
	volume = {51},
	issn = {0020-7411},
	url = {https://doi.org/10.1080/00207411.2021.2015230},
	doi = {10.1080/00207411.2021.2015230},
	shorttitle = {Suicide attempts and {COVID}-19 related confinement measures in France},
	pages = {95--97},
	number = {1},
	journaltitle = {International Journal of Mental Health},
	author = {Letourneur, Florian and Collonge, Louise and Makdassi, Alexandre and Gérard, Pierre and Boittiaux, Gérard and Chastang, Françoise},
	urldate = {2022-04-29},
	date = {2022-01-02},
	note = {Publisher: Routledge
\_eprint: https://doi.org/10.1080/00207411.2021.2015230},
	file = {Snapshot:/Users/arianesessego/Zotero/storage/PY9LPPQN/00207411.2021.html:text/html}
}

@article{olie_hospitalizations_2021,
	title = {Hospitalizations for suicide attempt during the first {COVID}‐19 lockdown in France},
	volume = {143},
	issn = {0001-690X},
	url = {https://www.ncbi.nlm.nih.gov/pmc/articles/PMC8250776/},
	doi = {10.1111/acps.13296},
	pages = {535--536},
	number = {6},
	journaltitle = {Acta Psychiatrica Scandinavica},
	shortjournal = {Acta Psychiatr Scand},
	author = {Olié, Emilie and Nogue, Erika and Picot, Marie and Courtet, Philippe},
	urldate = {2022-04-29},
	date = {2021-06},
	pmid = {33740254},
	pmcid = {PMC8250776}
}

@article{bouchet-valat_hypergamie_2018,
	title = {Hypergamie et célibat selon le statut social en France depuis 1969},
	volume = {160},
	pages = {5--45},
	number = {6},
	journaltitle = {Revue de l'{OFCE}},
	author = {Bouchet-Valat, Milan},
	date = {2018},
	note = {Publisher: {OFCE}}
}

@article{favier_se_2021,
	title = {Se forger un corps « désirable dans le pouvoir »},
	volume = {123},
	pages = {49--68},
	number = {2},
	journaltitle = {Geneses},
	author = {Favier, Elsa},
	date = {2021-07-12},
	note = {Publisher: Belin}
}

@article{mcrobbie_notes_2004,
	title = {Notes on ‘What Not to Wear’ and Post-Feminist Symbolic Violence},
	volume = {52},
	doi = {10.1111/j.1467-954X.2005.00526.x},
	pages = {99--109},
	number = {2},
	journaltitle = {The Sociological Review},
	shortjournal = {The Sociological Review},
	author = {{McRobbie}, Angela},
	urldate = {2022-03-02},
	date = {2004-10}
}

@book{skeggs_formations_1997,
	location = {London ; Thousand Oaks, Calif},
	title = {Formations of Class and Gender: Becoming Respectable},
	series = {Theory, Culture \& Society},
	shorttitle = {Formations of Class and Gender},
	pagetotal = {192},
	publisher = {{SAGE}},
	author = {Skeggs, Beverley},
	date = {1997}
}

@article{heligman_age_1980,
	title = {The age pattern of mortality},
	volume = {107},
	issn = {2058-1009, 0020-2681},
	url = {https://www.cambridge.org/core/journals/journal-of-the-institute-of-actuaries/article/age-pattern-of-mortality/080CA48AF00A73CE4D2888A6E1AA7385},
	doi = {10.1017/S0020268100040257},
	abstract = {The development of a ‘law of mortality’, a mathematical expression for the graduation of the age pattern of mortality, has been of interest since the development of the first life tables by John Graunt (1662) and Edmund Halley (1693). Although Abraham De Moivre proposed a very simple law as early as 1725 the best known early contribution is probably that of Benjamin Gompertz (1825). Since World War {II} mathematical formulae have been used to graduate sections of the English Life Tables, as well as assured lives mortality, and pensioner and annuitant mortality. Reviews of attempts at finding the ‘law of mortality’ have been given by Elston and Benjamin and Haycocks.},
	pages = {49--80},
	number = {1},
	journaltitle = {Journal of the Institute of Actuaries},
	author = {Heligman, L. and Pollard, J. H.},
	urldate = {2022-05-24},
	date = {1980-01},
	langid = {english},
	note = {Publisher: Cambridge University Press},
	file = {Full Text PDF:/Users/arianesessego/Zotero/storage/2VVGN2SL/Heligman et Pollard - 1980 - The age pattern of mortality.pdf:application/pdf;Snapshot:/Users/arianesessego/Zotero/storage/8VN7HB84/080CA48AF00A73CE4D2888A6E1AA7385.html:text/html}
}

@article{goldstein_secular_2011,
	title = {A secular trend toward earlier male sexual maturity: evidence from shifting ages of male young adult mortality},
	volume = {6},
	issn = {1932-6203},
	doi = {10.1371/journal.pone.0014826},
	shorttitle = {A secular trend toward earlier male sexual maturity},
	abstract = {This paper shows new evidence of a steady long-term decline in age of male sexual maturity since at least the mid-eighteenth century. A method for measuring the timing of male maturity is developed based on the age at which male young adult mortality accelerates. The method is applied to mortality data from Sweden, Denmark, Norway, the United Kingdom, and Italy. The secular trend toward earlier male sexual maturity parallels the trend toward earlier menarche for females, suggesting that common environmental cues influence the speed of both males' and females' sexual maturation.},
	pages = {e14826},
	number = {8},
	journaltitle = {{PloS} One},
	shortjournal = {{PLoS} One},
	author = {Goldstein, Joshua R.},
	date = {2011},
	pmid = {21857893},
	pmcid = {PMC3157338},
	keywords = {Adolescent, Adult, Age Factors, Denmark, Female, Humans, Italy, Male, Menarche, Norway, Puberty, Sex Factors, Sexual Maturation, Sweden, United Kingdom, Young Adult},
	file = {Texte intégral:/Users/arianesessego/Zotero/storage/IY7J8R4C/Goldstein - 2011 - A secular trend toward earlier male sexual maturit.pdf:application/pdf}
}

@article{gastineau_lepidemie_2022,
	title = {L’épidémie de {COVID}-19 en France : la prudence s’impose face aux chiffres},
	volume = {10},
	rights = {(c) Tous droits réservés Statistique et Société 2022},
	url = {http://statistique-et-societe.fr/article/view/840},
	shorttitle = {L’épidémie de {COVID}-19 en France},
	abstract = {Dans cet article, nous rappelons la façon dont les données sur la mortalité et sur les causes de décès sont rassemblées et analysées en temps normal en France. Nous détaillons ensuite comment les organismes compétents (Insee, Inserm) ont mis en place des mesures exceptionnelles pour produire plus rapidement des statistiques sur la mortalité et les contaminations pendant l’épidémie de la {COVID}-19. Ces statistiques sont reprises par les médias et utilisées par les pouvoirs publics et le monde politique. Nous appelons à beaucoup de prudence quant à l’interprétation et l’utilisation de ces données dont le traitement est encore en cours.},
	pages = {9--18},
	number = {1},
	journaltitle = {Statistique et Société},
	author = {Gastineau, Bénédicte and Golaz, Valérie and Flahaux, Marie-Laurence and Santos, Stéphanie {DOS}},
	urldate = {2022-05-15},
	date = {2022-05-03},
	langid = {french},
	note = {Number: 1},
	file = {Full Text PDF:/Users/arianesessego/Zotero/storage/ZEZI4IPI/Gastineau et al. - 2022 - L’épidémie de COVID-19 en France  la prudence s’i.pdf:application/pdf}
}