
@article{bouchet-valat_hypergamie_2018,
	title = {Hypergamie et célibat selon le statut social en France depuis 1969},
	volume = {160},
	pages = {5--45},
	number = {6},
	journaltitle = {Revue de l'{OFCE}},
	author = {Bouchet-Valat, Milan},
	date = {2018},
	note = {Publisher: {OFCE}}
}

@article{favier_se_2021,
	title = {Se forger un corps « désirable dans le pouvoir »},
	volume = {123},
	pages = {49--68},
	number = {2},
	journaltitle = {Geneses},
	author = {Favier, Elsa},
	date = {2021-07-12},
	note = {Publisher: Belin}
}

@article{mcrobbie_notes_2004,
	title = {Notes on ‘What Not to Wear’ and Post-Feminist Symbolic Violence},
	volume = {52},
	doi = {10.1111/j.1467-954X.2005.00526.x},
	pages = {99--109},
	number = {2},
	journaltitle = {The Sociological Review},
	shortjournal = {The Sociological Review},
	author = {{McRobbie}, Angela},
	urldate = {2022-03-02},
	date = {2004-10}
}

@book{skeggs_formations_1997,
	location = {London ; Thousand Oaks, Calif},
	title = {Formations of Class and Gender: Becoming Respectable},
	series = {Theory, Culture \& Society},
	shorttitle = {Formations of Class and Gender},
	pagetotal = {192},
	publisher = {{SAGE}},
	author = {Skeggs, Beverley},
	date = {1997}
}